@misc{vankin_2022_sold,
  author = {Vankin, Deborah},
  month = {05},
  title = {Sold for $195 million, Andy Warhol’s 'Shot Sage Blue Marilyn' sets new auction record},
  url = {https://www.latimes.com/entertainment-arts/story/2022-05-09/andy-warhols-shot-sage-blue-marilyn-sets-new-auction-record},
  urldate = {2024-07-20},
  year = {2022},
  organization = {Los Angeles Times}
}

@misc{masterworksfineartgallery_2019_andy,
  author = {Masterworks Fine Art Gallery},
  month = {11},
  title = {Andy Warhol's "Shot Marilyns"},
  url = {https://news.masterworksfineart.com/2019/11/26/andy-warhols-shot-marilyns},
  urldate = {2024-07-20},
  year = {2019},
  organization = {Masterworks Fine Art Gallery}
}

@book{lanchner_2008_andy,
  author = {Lanchner, Carolyn and Warhol, Andy},
  publisher = {The Museum of Modern Art, New York},
  title = {Andy Warhol},
  year = {2008}
}

@misc{ghighi_2022_andy,
  author = {Ghighi, Emma},
  month = {04},
  title = {Andy Warhol, the Shot Marilyns, and his Early Silkscreens},
  url = {https://revolverwarholgallery.com/andy-warhol-the-shot-marilyns-and-his-early-silkscreens/},
  urldate = {2024-07-21},
  year = {2022},
  organization = {Revolver Gallery}
}

@misc{christies_2022_andy,
  author = {Christie’s},
  title = {Andy Warhol’s Marilyn: an icon of beauty},
  url = {https://www.christies.com/en/stories/warhol-shot-marilyn-2629a4711b7e41f593e66bb2b33acd8b},
  urldate = {2024-07-21},
  year = {2022},
  organization = {Christie's}
}

@article{shannon_1948_a,
  author = {Shannon, C. E.},
  pages = {379-423},
  title = {A Mathematical Theory of Communication},
  volume = {27},
  year = {1948},
  journal = {Bell System Technical Journal}
}

@article{arthur_2007_kmeans,
  author = {Arthur, David and Vassilvitskii, Sergei},
  month = {01},
  pages = {1027-1035},
  title = {k-means++: the advantages of careful seeding},
  doi = {10.5555/1283383.1283494},
  year = {2007},
  journal = {Symposium on Discrete Algorithms}
}

@article{opencv_2012,
  author={Culjak, Ivan and Abram, David and Pribanic, Tomislav and Dzapo, Hrvoje and Cifrek, Mario},
  booktitle={2012 Proceedings of the 35th International Convention MIPRO}, 
  title={A brief introduction to OpenCV}, 
  year={2012},
  volume={},
  number={},
  pages={1725-1730},
  keywords={Libraries;Image edge detection;Cameras;Computer vision;Histograms;Low pass filters;Detectors},
  doi={}}
